<?xml version="1.0" encoding="UTF-8"?><collection xmlns="http://www.loc.gov/MARC21/slim"><record><leader>00513nam--2200169-u-4500</leader><controlfield tag="001">000053607</controlfield><controlfield tag="002">20161230</controlfield><controlfield tag="005">20161230201051</controlfield><controlfield tag="008">110509s1000------------r-----000-0-eng-d</controlfield><datafield ind1=" " ind2=" " tag="040"><subfield code="a">IFIN-HH</subfield></datafield><datafield ind1=" " ind2=" " tag="080"><subfield code="a">536.48(043):532.529.6.001(043)</subfield></datafield><datafield ind1="1" ind2=" " tag="100"><subfield code="a">Parks, Peter Eugene</subfield></datafield><datafield ind1="1" ind2=" " tag="245"><subfield code="a">The bubble model for an excess electron in liquid helium</subfield><subfield code="b">Dissertation</subfield><subfield code="c">Peter eugene parks</subfield></datafield><datafield ind1=" " ind2=" " tag="260"><subfield code="a">Ann Arbor, Michigan</subfield><subfield code="b">University Microfilms</subfield><subfield code="c">1971</subfield></datafield><datafield ind1=" " ind2=" " tag="300"><subfield code="a">99P</subfield></datafield><datafield ind1=" " ind2=" " tag="852"><subfield code="a">36080</subfield><subfield code="c">536</subfield></datafield><datafield ind1=" " ind2=" " tag="CAT"><subfield code="a">Sys</subfield><subfield code="c">20110509</subfield><subfield code="h">121626</subfield></datafield></record></collection>